<record><leader>00000cas a22000007a 4500</leader><controlfield tag="001">15004224</controlfield><controlfield tag="008">861223d19021937msuwr ne      0    0eng d</controlfield><datafield ind1=" " ind2=" " tag="010"><subfield code="a">sn 87065020 </subfield></datafield><datafield ind1=" " ind2=" " tag="040"><subfield code="a">MJA</subfield><subfield code="b">eng</subfield><subfield code="c">MJA</subfield><subfield code="d">MSJ</subfield><subfield code="d">OCLCQ</subfield></datafield><datafield ind1=" " ind2=" " tag="042"><subfield code="a">msc</subfield></datafield><datafield ind1="0" ind2="4" tag="245"><subfield code="a">The Collins commercial.</subfield></datafield><datafield ind1=" " ind2=" " tag="260"><subfield code="a">Collins, Covington, Miss. :</subfield><subfield code="b">Sam M. Leeman,</subfield><subfield code="c">-1937.</subfield></datafield><datafield ind1=" " ind2=" " tag="300"><subfield code="a">v.</subfield></datafield><datafield ind1=" " ind2=" " tag="310"><subfield code="a">Weekly</subfield></datafield><datafield ind1="1" ind2=" " tag="362"><subfield code="a">Began in 1902.</subfield></datafield><datafield ind1="0" ind2=" " tag="362"><subfield code="a">-v. 35, no. 20 (Feb. 5, 1937).</subfield></datafield><datafield ind1=" " ind2=" " tag="588"><subfield code="a">Description based on: Vol. 3, no. 40 (Mar. 2, 1905).</subfield></datafield><datafield ind1=" " ind2=" " tag="752"><subfield code="a">United States</subfield><subfield code="b">Mississippi</subfield><subfield code="c">Covington</subfield><subfield code="d">Collins.</subfield></datafield><datafield ind1="0" ind2="5" tag="780"><subfield code="t">Williamsburg herald</subfield></datafield><datafield ind1="0" ind2="7" tag="785"><subfield code="t">Covington County news</subfield><subfield code="w">(OCoLC)15004040</subfield></datafield><datafield ind1="0" ind2="7" tag="785"><subfield code="t">News-commercial</subfield><subfield code="w">(OCoLC)15004332</subfield></datafield></record>